@inproceedings{banush,
  author = {Banushkina, Polina and Schenk, Olaf and Meuwly, Markus},
  title = {Efficiency considerations in solving smoluchowski equations for rough potentials},
  booktitle = {Computational Life Sciences},
  pages = {208--216},
  year = {2005},
  publisher = {Springer}
}

@book{bishop,
  title={Pattern recognition and machine learning},
  author={Bishop, Christopher M},
  year={2006},
  publisher={Springer}
}

@article{gleichpage,
  title={PageRank beyond the Web},
  author={Gleich, David F},
  journal={SIAM Review},
  volume={57},
  number={3},
  pages={321--363},
  year={2015},
  publisher={SIAM}
}

@article{hitpredict,
  title={HitPredict: a database of quality assessed protein--protein interactions in nine species},
  author={Patil, Ashwini and Nakai, Kenta and Nakamura, Haruki},
  journal={Nucleic acids research},
  volume={39},
  number={suppl\_1},
  pages={D744--D749},
  year={2010},
  publisher={Oxford University Press}
}

@article{yang2015,
  title={Defining and evaluating network communities based on ground-truth},
  author={Yang, Jaewon and Leskovec, Jure},
  journal={Knowledge and Information Systems},
  volume={42},
  number={1},
  pages={181--213},
  year={2015},
  publisher={Springer}
}

@article{communities,
  title={Communities in networks},
  author={Porter, Mason A and Onnela, Jukka-Pekka and Mucha, Peter J},
  journal={Notices of the AMS},
  volume={56},
  number={9},
  pages={1082--1097, 1164--1166},
  year={2009}
}

@article{modularity,
  title={Limits of modularity maximization in community detection},
  author={Lancichinetti, Andrea and Fortunato, Santo},
  journal={Physical review E},
  volume={84},
  number={6},
  pages={066122},
  year={2011},
  publisher={APS}
}

@article{dropseqrev,
  title={Nanotechnologies for biomedical science and translational medicine},
  author={Heath, James R},
  journal={Proceedings of the National Academy of Sciences},
  volume={112},
  number={47},
  pages={14436--14443},
  year={2015},
  publisher={National Acad Sciences}
}

@article{dropseq,
  author  = {E. Z. Macosko et al.},
  title   = {Highly Parallel Genome-wide Expression Profiling of Individual Cells Using Nanoliter Droplets},
  journal = {Cell},
  volume  = {161},
  pages   = {1202--1214},
  year    = {2015}
}

@article{chung05,
  title={Laplacians and the Cheeger inequality for directed graphs},
  author={Chung, Fan},
  journal={Annals of Combinatorics},
  volume={9},
  number={1},
  pages={1--19},
  year={2005},
  publisher={Springer}
}

@article{derisi,
  title={Exploring the metabolic and genetic control of gene expression on a genomic scale},
  author={DeRisi, Joseph L and Iyer, Vishwanath R and Brown, Patrick O},
  journal={Science},
  volume={278},
  number={5338},
  pages={680--686},
  year={1997},
  publisher={American Association for the Advancement of Science}
}

@book{engl96,
  title={Regularization of inverse problems},
  author={Engl, Heinz Werner and Hanke, Martin and Neubauer, Andreas},
  volume={375},
  year={1996},
  publisher={Springer Science \& Business Media}
}

@article{ev96,
  title={An introduction to finite mixture distributions},
  author={Everitt, Brian S},
  journal = {Statistical Methods in Medical Research},
  volume = {5},
  pages = {107--127},
}

@article{fort,
  title={Community detection in graphs},
  author={Fortunato, Santo},
  journal={Physics reports},
  volume={486},
  number={3},
  pages={75--174},
  year={2010},
  publisher={Elsevier}
}

@article{jaynes57,
  title={Information theory and statistical mechanics},
  author={Jaynes, Edwin T},
  journal={Physical review},
  volume={106},
  number={4},
  pages={620},
  year={1957},
  publisher={APS}
}

@article{jordan06,
  author = {J. D. McAuliffe and D. M. Blei and M. I. Jordan},
   title = {Nonparametric empirical Bayes for the Dirichlet process mixture model},
 journal = {Stat. Comput.},
  volume = {16},
   pages = {5--14},
    year = {2006}
}

@article{korenblum,
  title={Macrostate data clustering},
  author={Korenblum, Daniel and Shalloway, David},
  journal={Physical Review E},
  volume={67},
  number={5},
  pages={056704},
  year={2003},
  publisher={APS}
}

@online{mathworks,
title={Analyzing Gene Expression Profiles},
howpublished ={Website},
year = {2014},
author={Mathworks},
url ={http://www.mathworks.com/help/bioinfo/ug/example-analyzing-gene-expression-profiles.html}
}

@book{mp00,
  title={Finite mixture models},
  author={McLachlan, Geoffrey and Peel, David},
  year={2004},
  publisher={John Wiley \& Sons}
}

@inproceedings{ng,
  title={On discriminative vs. generative classifiers: A comparison of logistic regression and naive bayes},
  author={Ng, Andrew Y and Jordan, Michael I},
  booktitle={Advances in neural information processing systems},
  pages={841--848},
  year={2002}
}

@inproceedings{njw,
  title={On spectral clustering: Analysis and an algorithm},
  author={Ng, Andrew Y and Jordan, Michael I and Weiss, Yair},
  booktitle={Advances in neural information processing systems},
  pages={849--856},
  year={2002}
}

@book{oksendal,
  author = {B. {\O}ksendal},
   title = {Stochastic Differential Equations: An Introduction with Applications},
    year = {1996},
   publisher = {Springer}
}

@article{pard,
  title={Optimization methods for computing global minima of nonconvex potential energy functions},
  author={Pardalos, Panos M and Shalloway, David and Xue, Guoliang},
  journal={Journal of Global Optimization},
  volume={4},
  number={2},
  pages={117--133},
  year={1994},
  publisher={Springer}
}

@article{pard93,
  title={Parallel computing in nonconvex programming},
  author={Pardalos, Panos M and Guisewite, GM},
  journal={Annals of Operations Research},
  volume={43},
  number={2},
  pages={87--107},
  year={1993},
  publisher={Springer}
}

@article{pearson,
  title={Contributions to the mathematical theory of evolution},
  author={Pearson, Karl},
  journal={Philosophical Transactions of the Royal Society of London. A},
  volume={185},
  pages={71--110},
  year={1894},
  publisher={JSTOR}
}

@article{rous,
  title={Silhouettes: a graphical aid to the interpretation and validation of cluster analysis},
  author={Rousseeuw, Peter J},
  journal={Journal of computational and applied mathematics},
  volume={20},
  pages={53--65},
  year={1987},
  publisher={Elsevier}
}

@incollection{risken,
  title={The Fokker Planck Equation},
  author={Risken, Hannes},
  booktitle={The Fokker-Planck Equation},
  pages={63--95},
  year={1996},
  publisher={Springer}
}

@article{schaeffer,
  title={Graph clustering},
  author={Schaeffer, Satu Elisa},
  journal={Computer science review},
  volume={1},
  number={1},
  pages={27--64},
  year={2007},
  publisher={Elsevier}
}

@article{shall96,
  title={Macrostates of classical stochastic systems},
  author={Shalloway, David},
  journal={The Journal of chemical physics},
  volume={105},
  number={22},
  pages={9986--10007},
  year={1996},
  publisher={AIP}
}

@inproceedings{smola,
  title={Kernels and regularization on graphs},
  author={Smola, Alexander J and Kondor, Risi},
  booktitle={COLT},
  volume={2777},
  pages={144--158},
  year={2003},
  organization={Springer}
}

@article{watts,
  title={Collective dynamics of 'small-world' networks},
  author={Watts, Duncan J and Strogatz, Steven H},
  journal={nature},
  volume={393},
  number={6684},
  pages={440},
  year={1998},
  publisher={Nature Publishing Group}
}

@article{white,
  title={Efficient uncertainty minimization for fuzzy spectral clustering},
  author={White, Brian S and Shalloway, David},
  journal={Physical Review E},
  volume={80},
  number={5},
  pages={056705},
  year={2009},
  publisher={APS}
}

@inproceedings{azran,
  title={Spectral methods for automatic multiscale data clustering},
  author={Azran, Arik and Ghahramani, Zoubin},
  booktitle={Computer Vision and Pattern Recognition, 2006 IEEE Computer Society Conference on},
  volume={1},
  pages={190--197},
  year={2006},
  organization={IEEE}
}

@article{shi09,
  title={Data spectroscopy: Eigenspaces of convolution operators and clustering},
  author={Shi, Tao and Belkin, Mikhail and Yu, Bin},
  journal={The Annals of Statistics},
  volume = {37},
  pages={3960--3984},
  year={2009},
  publisher={JSTOR}
}

@article{schi15,
  title={The geometry of kernelized spectral clustering},
  author={Schiebinger, Geoffrey and Wainwright, Martin J and Yu, Bin and others},
  journal={The Annals of Statistics},
  volume={43},
  number={2},
  pages={819--846},
  year={2015},
  publisher={Institute of Mathematical Statistics}
}

@article{scha06,
  title={Kernel techniques: from machine learning to meshless methods},
  author={Schaback, Robert and Wendland, Holger},
  journal={Acta numerica},
  volume={15},
  pages={543--639},
  year={2006},
  publisher={Cambridge University Press}
}

@article{hofmann2008kernel,
  title={Kernel methods in machine learning},
  author={Hofmann, Thomas and Sch{\"o}lkopf, Bernhard and Smola, Alexander J},
  journal={The annals of statistics},
  pages={1171--1220},
  year={2008},
  publisher={JSTOR}
}

@Book{fasshauer2007meshfree,
 author = {Fasshauer, Gregory},
 title = {Meshfree approximation methods with MATLAB},
 publisher = {World Scientific},
 year = {2007}
 % address = {Singapore Hackensack, N.J},
 % isbn = {978-981-270-633-1}
}

@inproceedings{gould14,
  title={Superpixel graph label transfer with learned distance metric},
  author={Gould, Stephen and Zhao, Jiecheng and He, Xuming and Zhang, Yuhang},
  booktitle={European Conference on Computer Vision},
  pages={632--647},
  year={2014},
  organization={Springer}
}
% @book{latexcompanion,
%     author    = {Michel Goossens and Frank Mittelbach and Alexander Samarin},
%     title     = {The \LaTeX\ Companion},
%     year      = {1993},
%     publisher = {Addison-Wesley},
%     address   = {Reading, Massachusetts}
% }
